@Book{ZAC,
  author =       "\v{S}tybr David",
  title =        "Začínáme investovat a obchodovat na kapitálových trzích",
  publisher =    "Grada Publishing a.s.",
  year =         "2011",
}

@article{Volatilita,
   author = "Jana Brondošová",
   title = "{\sl Slovník investora - Volatilita}",
   note = "\hfill\break{\tt http://www.etrend.sk/financie/slovnik-investora-volatilita.html}",
   year = "2007",
}

@article{Bit,
   author = "Bitstamp Ltd",
   title = "{\sl BITSTAMP}",
   note = "\hfill\break{\tt https://www.bitstamp.net/}",
   year = "2014",
}

@article{Bitf,
   author = "iFinex Inc",
   title = "{\sl Bitfinex}",
   note = "\hfill\break{\tt https://www.bitfinex.com/}",
   year = "2013-2014",
}

@article{BTC,
   title = "{\sl BTC-e}",
   note = "\hfill\break{\tt https://btc-e.com/}",
   year = "2011-2014",
}

@article{Kre,
   author = "Payward Inc.",
   title = "{\sl Kraken}",
   note = "\hfill\break{\tt https://www.kraken.com/}",
   year = "2012-2014",
}

